<collection xmlns="http://www.loc.gov/MARC21/slim">
<record>
  <leader>01075nam0a22002291i 450 </leader>
  <controlfield tag="001">IT\ICCU\CNCE\062391</controlfield>
  <controlfield tag="005">20170306000000.0</controlfield>
  <datafield tag="012" ind1=" " ind2=" ">
    <subfield code="a">rata o.to toa: neo. (C) 1503 (Q)</subfield>
    <subfield code="2">fei</subfield>
  </datafield>
  <datafield tag="100" ind1=" " ind2=" ">
    <subfield code="a">20051109f1503        0itac0103    ba</subfield>
  </datafield>
  <datafield tag="101" ind1=" " ind2=" ">
    <subfield code="a">ITA</subfield>
  </datafield>
  <datafield tag="102" ind1=" " ind2=" ">
    <subfield code="a">IT</subfield>
  </datafield>
  <datafield tag="200" ind1="1" ind2=" ">
    <subfield code="a">Rappresentatione di Susanna</subfield>
  </datafield>
  <datafield tag="210" ind1=" " ind2=" ">
    <subfield code="d">\non prima del 1503!</subfield>
  </datafield>
  <datafield tag="215" ind1=" " ind2=" ">
    <subfield code="a">\4! c.</subfield>
    <subfield code="c">ill.</subfield>
    <subfield code="d">4ʻ</subfield>
  </datafield>
  <datafield tag="300" ind1=" " ind2=" ">
    <subfield code="a">Stampata a Firenze da Antonio Tubini e Andrea Ghirlandi; per i tipografi cfr.: &lt;A HREF=&quot;http://data.cerl.org/istc/is00870700&quot; TARGET=&quot;_blank&quot;&gt;ISTC is00870700&lt;/A&gt;. - La data si ricava dall&apos;attivit ̉dei tipografi</subfield>
  </datafield>
  <datafield tag="500" ind1="1" ind2="1">
    <subfield code="3">IT\ICCU\CNCE\061941</subfield>
    <subfield code="a">Rappresentazione di s. Susanna</subfield>
  </datafield>
  <datafield tag="620" ind1=" " ind2=" ">
    <subfield code="a">IT</subfield>
    <subfield code="d">Firenze</subfield>
  </datafield>
  <datafield tag="712" ind1="0" ind2="0">
    <subfield code="a">Tubini, Antonio &amp; Ghirlandi, Andrea</subfield>
    <subfield code="3">IT\ICCU\CNCT\000649</subfield>
    <subfield code="4">650</subfield>
  </datafield>
  <datafield tag="791" ind1="0" ind2="0">
    <subfield code="a">Ghirlandi, Andrea</subfield>
    <subfield code="3">IT\ICCU\CNCT\002180</subfield>
    <subfield code="z">Tubini, Antonio &amp; Ghirlandi, Andrea</subfield>
  </datafield>
  <datafield tag="791" ind1="0" ind2="0">
    <subfield code="a">Thobini, Antonio &amp; Gryllandi, Andrea</subfield>
    <subfield code="3">IT\ICCU\CNCT\004143</subfield>
    <subfield code="z">Tubini, Antonio &amp; Ghirlandi, Andrea</subfield>
  </datafield>
  <datafield tag="801" ind1=" " ind2="3">
    <subfield code="a">IT</subfield>
    <subfield code="b">ICCU</subfield>
    <subfield code="c">20201115</subfield>
  </datafield>
  <datafield tag="899" ind1=" " ind2=" ">
    <subfield code="a">Biblioteche della Fondazione Giorgio Cini onlus. Venezia</subfield>
    <subfield code="1">VE0239</subfield>
    <subfield code="2">VEA FC</subfield>
  </datafield>
</record>
</collection>
